% Reference list for Wessel, Watts, Kim and Sandwell seamount shape/density paper 2022

@article{B1982,
   author = {Batiza, R.},
   title = {Abundances, distribution, and sizes of volcanoes in the {P}acific {O}cean and implications for the origin of non-hotspot volcanoes},
   journal = {Earth Planet. Sci. Lett.},
   volume = {60},
   pages = {195–206},
   year = {1982},
}

@inbook{B1989,
   author = {Batiza, R.},
   title = {Seamounts and seamount chains in the {E}astern {P}acific},
   booktitle = {The {G}eology of {N}orth {A}merica {V}ol. {N}: The {E}astern {P}acific {O}cean and {H}awaii},
   editor = {Winterer, E. L. and Hussong, D. M. and Decker, R. W.},
   publisher = {Geological Society of America},
   address = {Boulder, Colorado},
   pages = {289--306},
   year = {1989}
}

@article{B2005,
   author = {Brocher, T. M.},
   title = {Empirical Relations between Elastic Wavespeeds and Density in the {E}arth’s Crust},
   journal = {Bull. Seis. Soc. Am.},
   volume = {95},
   number = {6},
   pages = {2081--2092},
   year = {2005},
   DOI = {10.1785/0120050077},
}

@article{BS1969,
   author = {Brotchie, J. F. and Silvester, R.},
   title = {On crustal flexure},
   journal = {J. Geophys. Res.},
   volume = {74},
   number = {22},
   pages = {5240--5252},
   year = {1969}
}

@article{C1995,
   author = {Caress, D. W. and McNutt, M. K. and Detrick, R. S. and Mutter, J. C.},
   title = {Seismic imaging of hotspot-related crustal underplating beneath the {M}arquesas {I}slands},
   journal = {Nature},
   volume = {373},
   number = {6015},
   pages = {600--603},
   year = {1995}
}

@article{CJC1999,
   author = {Carracedo, J. C.},
   title = {Growth, structure, instability and collapse of {C}anarian volcanoes and comparisons with {H}awaiian volcanoes},
   journal = {J. Volc. Geotherm. Res.},
   volume = {94},
   number = {6015},
   pages = {1--19},
   year = {1999}
}

@article{C1999,
   author = {Charvis, P. and Laesanpura, A. and Gallart, J. and Hirn, A. and Lépine, J.-C. and de Voogd, B. and Minshull, T. and Hello, Y. and Pontoise, B.},
   title = {Spatial distribution of hotspot material added to the lithosphere under {L}a {R}éunion, from wide-angle seismic data},
   journal = {J. Geophys. Res.},
   volume = {104},
   number = {B2},
   pages = {2875--2893},
   year = {1999}
}

@article{CM1995,
   author = {Christensen, N. I. and Mooney, W. D.},
   title = {Seismic velocity structure and composition of the continental crust: {A} global view},
   journal = {J. Geophys. Res.},
   volume = {100},
   number = {B6},
   pages = {9761--9788},
   DOI = {10.1029/95JB00259},
   year = {1995}
}

@article{C2001,
   author = { Clouard, V. and Bonneville A. and Gillot, P.-Y.},
   title = {A giant landslide on the southern flank of {T}ahiti {I}sland, {F}rench {P}olynesia},
   journal = {Geophys. Res. Lett.},
   volume = {28},
   number = {11},
   pages = {2253--2256},
   year = {2001}
}

@article{C2009,
   author = {Contreras-Reyes, E. and Grevemeyer, I. and Watts, A. B.  and Planert, L. and Flueh, E. R. and Peirce, C.},
   title = {Crustal intrusion beneath the {L}ouisville hotspot track},
   journal = {Earth Planet. Sci. Lett.},
   volume = {289},
   number = {3--4},
   pages = {323--333},
   year = {2009}
}

@article{CS1988,
   author = {Craig, C. H. and Sandwell, D. T.},
   title = {Global distribution of seamounts from {S}easat profiles},
   journal = {J. Geophys. Res.},
   volume = {93},
   number = {B9},
   pages = {10,408--10,420},
   year = {1988}
}

@article{DS1996,
   author = {DePaolo, D. J. and Stolper, E. M.},
   title = {Models of {H}awaiian volcano growth and plume structure: Implications of results from the {H}awaii {S}cientific {D}rilling {P}roject},
   journal = {J. Geophys. Res.},
   volume = {101},
   number = {B5},
   pages = {11,643--11,654},
   year = {1996}
}

@article{EMH05,
   author = {Evangelidis, C. P. and Minshull, T. A. and Henstock, T. J.},
   title = {Three-dimensional crustal structure of {A}scension {I}sland from active source seismic tomography},
   journal = {Geophys. J. Int.},
   volume = {159},
   number = {1},
   pages = {311--325},
   year = {2005}
}

@article{F1994,
   author = {Filmer, P. E. and McNutt, M. K. and Webb, H. F. and Dixon, D. J.},
   title = {Volcanism and archipelagic aprons in the {M}arquesas and {H}awaiian islands},
   journal = {Mar. Geophys. Res.},
   volume = {16},
   pages = {385--406},
   year = {1994}
}

@article{G2022,
   author = {Gevorgian, J. and Sandwell1, Da. T. and Yu, Y. and Kim, S.-S. and Wessel, P.},
   title = {Global Distribution and Morphology of Small Seamounts},
   journal = {Earth and Space Science},
   volume = {in review},
   pages = {xxx--yyy},
   year = {2022}
}

@article{G2001,
   author = {Grevemeyer, I. and Weigel, W. and Schussler, S. and Avedik, F.},
   title = {Crustal and upper mantle seismic structure and lithospheric flexure along the {S}ociety {I}sland hotspot chain},
   journal = {Geophys. J. Int.},
   volume = {147},
   number = {1},
   pages = {123--140},
   year = {2001}
}

@article{H1994,
   author = {Hammer, P. T. C. and Dorman, L. M. and Hildebrand, J. A. and Cornuelle, B. D.},
   title = {{J}asper seamount structure: {S}eafloor seismic refraction tomography},
   journal = {J. Geophys. Res.},
   volume = {99},
   number = {B4},
   pages = {6731--6752},
   year = {1994}
}

@article{H1991,
   author = {Hammer, P. T. C. and Hildebrand, J. A. and Parker, R. L.},
   title = {Gravity inversion using seminorm minimization: density modeling of {J}asper seamount},
   journal = {Geophysics},
   volume = {56},
   number = {1},
   pages = {68--79},
   year = {1991}
}

@article{HC1994,
   author = {Harris, R. N. and Chapman, D. S.},
   title = {A comparison of mechanical thickness estimates from trough and seamount loading in the southeastern {G}ulf of {A}laska},
   journal = {J. Geophys. Res.},
   volume = {99},
   number = {B5},
   pages = {9297--9317},
   year = {1994}
}

@article{HW2007,
   author = {Hillier, J. K. and Watts, A. B.},
   title = {Global distribution of seamounts from ship-track bathymetry data},
   journal = {Geophys. Res. Lett.},
   volume = {34},
   number = {L13304},
   year = {2007},
   DOI = {10.1029/2007GL029874}
}

@inbook{H1979,
   author = {Hyndman, R. D. and Christensen, N. I. and Drury, M. J.},
   title = {Velocities, densities, electrical resistivities, porosities and thermal conductivities of core samples from boreholes in the islands of {B}ermuda and the {A}zores},
   booktitle = {Deep Drilling Results in the Atlantic Ocean: Oceanic Crust},
   editor = {Talwani, M. and Harrison, C. G. and Hayes, D. E.},
   publisher = {American Geophysical Union},
   address = {Washington, D.C.},
   volume = {Maurice Ewing Ser., 2},
   pages = {94--112},
   year = {1979}
}

@article{HJ2017,
   author = {Hunt, J.E. and Jarvis, I.},
   title = {Prodigious submarine landslides during the inception and early growth of volcanic islands},
   journal = {Nat Commun.},
   volume = {8},
   number = {2061},
   pages = {9297--9317},
   year = {2017},
   DOI = {10.1038/s41467-017-02100-3}
}

@article{HJ2020,
   author = {Hunt, J.E. and Jarvis, I.},
   title = {The lifecycle of mid-ocean ridge seamounts and their prodigious flank collapses},
   journal = {Earth Planet. Sci. Lett.},
   volume = {530},
   number = {115867},
   year = {2020},
   DOI = {10.1016/j.epsl.2019.115867}
}

@article{JMS1983,
   author = {Jordan, T. H. and Menard, H. W. and Smith, D. K.},
   title = {Density and size distribution of seamounts in the {E}astern {P}acific inferred from wide-beam sounding data},
   journal = {J. Geophys. Res.},
   volume = {88},
   number = {B12},
   pages = {10,508--10,518},
   year = {1983}
}

@article{KW2010,
   author = {Kim, S.-S. and Wessel, P},
   title = {Flexure modelling at seamounts with dense cores},
   journal = {Geophys. J. Int.},
   volume = {182},
   pages = {583--598},
   DOI = {10.1111/j.1365-246X.2010.04653.x},
   year = {2010}
}

@article{KW2011,
   author = {Kim, S.-S. and Wessel, P.},
   title = {New global seamount census from altimetry-derived gravity data},
   journal = {Geophys. J. Int.},
   volume = {186},
   pages = {615--631},
   DOI = {DOI: 10.1111/j.1365-246X.2011.05076.x},
   year = {2011}
}

@inbook{KL2004,
   author = {Kitchingman, A. and Lai, S.},
   title = {Inferences on potential seamount locations from mid-resolution bathymetric data},
   booktitle = {Seamounts: Biodiversity and Fisheries},
   editor = {Morato., T. and Pitcher, T. J.},
   publisher = {Fisheries Centre, University of British Columbia, Canada},
   address = {Vancouver, B.C.},
   volume = {12},
   number = {5},
   pages = {7--12},
   year = {2004}
}

@article{K2002,
   author = {Krastel, S. and Schmincke, H. U.},
   title = {Crustal structure of northern {G}ran {C}anaria, {C}anary {I}slands, deduced from active seismic tomography},
   journal = {J. Volcan. Geotherm. Res.},
   volume = {115},
   number = {1-2},
   pages = {153--177},
   year = {2002}
}

@article{LOT81,
   author = {Lacey, A. and Ockendon,J. R. and Turcotte, D. L.},
   title = {On the geometrical form of volcanoes},
   journal = {Earth Planet. Sci. Lett.},
   volume = {54},
   pages = {139--143},
   year = {1981}
}

@article{LN1980,
   author = {Lambeck, K. and Nakiboglu, S. M.},
   title = {Seamount loading and stress in the ocean lithosphere},
   journal = {J. Geophys. Res.},
   volume = {85},
   number = {B11},
   pages = {6403--6418},
   year = {1980}
}

@inbook{LND70,
   author = {Ludwig, W. J. and Nafe, J. E. and Drake, C. L.},
   title = {Seismic refraction},
   booktitle = {The Sea},
   volume = {4},
   editor = {Maxwell, A. E.},
   publisher = {Wiley-Interscience},
   address = {New York},
   pages = {53--84},
   year = {1970}
}

@article{MS2007,
   author = {Marks, K. M. and Smith, W. H. F.},
   title = {Some remarks on resolving seamounts in satellite gravity},
   journal = {Geophys. Res. Lett.},
   volume = {34},
   number = {L03307},
   DOI = {10.1029/2006GL028857},
   year = {2007}
}

@book{M1964,
   author = {Menard, H. W.},
   title = {Marine Geology of the {P}acific},
   publisher = {McGraw-Hill},
   address = {New York},
   year = {1964}
}

@article{M1981,
   author = {Menke, W.},
   title = {The effect of load shape on the deflection of thin elastic plates},
   journal = {Geophys. J.},
   volume = {65},
   pages = {571--577},
   year = {1981}
}

@article{MC2001,
   author = {Minshull, T. A. and Charvis, P.},
   title = {Ocean island densities and models of lithospheric flexure},
   journal = {Geophys. J. Int.},
   volume = {145},
   number = {3},
   pages = {713--739},
   year = {2001}
}

@article{M2001,
   author = {Mitchell, N. C.},
   title = {Transition from circular to stellate forms of submarine volcanoes},
   journal = {J. Geophys. Res.},
   volume = {106},
   number = {B2},
   pages = {1987--2003},
   DOI = {10.1029/2000JB900263},
   year = {2001}
}

@article{M1989,
   author = {Moore, J. G. and Clague, D. A. and Holcomb, R. T. and Lipman, P. W. and Normark, W. R. and Torresan, M. E.},
   title = {Prodigious submarine landslides on the {H}awaiian {R}idge},
   journal = {J. Geophys. Res.},
   volume = {94},
   number = {B12},
   pages = {17,465--17,484},
   year = {1989}
}

@article{M1994,
   author = {Moore, J. G. and Normark, W. R and Holcomb, R. T.},
   title = {Giant {H}awaiian underwater landslides},
   journal = {Science},
   volume = {264},
   pages = {46–47},
   year = {1994}
}

@article{JM2001,
   author = {Moore, J. G. },
   title = {Density of basalt core from {H}ilo drill hole, {H}awaii},
   journal = {J. Volcan. Geotherm. Res.},
   volume = {112},
   pages = {221–--30},
   year = {2001}
}

@article{N1986,
   author = {Nakada, M.},
   title = {Holocene sea levels in oceanic islands: Implications for the rheological structure of the {E}arth's mantle},
   journal = {Tectonophysics},
   volume = {121},
   pages = {263--276},
   DOI = {10.1016/0040-1951(86)90047-8},
   year = {1986}
}

@article{P1972,
   author = {Parker, R. L.},
   title = {The rapid calculation of potential anomalies},
   journal = {Geophys. J.},
   volume = {31},
   pages = {447--455},
   year = {1972}
}

@article{PSG91,
   author = {Pringle, M. S. and Staudigel, H. and Gee, J.},
   title = {Jasper seamount: Seven million years of volcanism},
   journal = {Geology},
   volume = {19},
   pages = {364--368},
   year = {1991}
}

@article{R2009,
   author = {Ryan, W. B. F. and Carbotte, S. M. and Coplan, J. O. and O’Hara, S. and Melkonian, A. and Arko, R. and Weissel, R. A. and Ferrini, V. and Goodwillie, A. and Nitsche, F. and Bonczkowski, J. and Zemsky, R.},
   title = {Global Multi-Resolution Topography synthesis},
   journal = {Geochem. Geophys. Geosyst.},
   volume = {10},
   pages = {Q03014},
   DOI = {10.1029/2008GC002332},
   year = {2009}
}

@article{Setal2013,
   author = {Sandwell, D. T. and Garcia, E. S. and Soofi, K. and Wessel, P. and Chandler, M. T. and Smith, W. H. F},
   title = {Toward 1-m{G}al accuracy in global marine gravity from {C}ryoSat-2, {E}nvisat, and {J}ason-1},
   journal = {The Leading Edge},
   volume = {32},
   number = {8},
   pages = {892--899},
   DOI = {10.1190/tle32080892.1},
   year = {2013}
}

@article{Setal2014,
   author = {Sandwell, David T. and Muller, R. Dietmar and Smith, Walter H. F. and Garcia, Emmanuel and Francis, Richard},
   title = {New global marine gravity model from {C}ryoSat-2 and {J}ason-1 reveals buried tectonic structure},
   journal = {Science},
   volume = {346},
   number = {6205},
   pages = {65--67},
   DOI = {10.1126/science.1258213},
   year = {2014}
}

@article{Setal2021,
   author = {Sandwell, David T. and Harper, H. and Tozer, B. and Smith, Walter H. F.},
   title = {Gravity field recovery from geodetic altimeter missions},
   journal = {Adv. Space Res.},
   volume = {68},
   number = {2},
   pages = {1059--1072},
   DOI = {10.1016/j.asr.2019.09.011},
   year = {2021}
}

@article{S1988,
   author = {Smith, D. K.},
   title = {Shape analysis of {P}acific seamounts},
   journal = {Earth Planet Sci. Lett.},
   volume = {90},
   pages = {457--466},
   year = {1988}
}

@article{SJ1988,
   author = {Smith, D. K. and Jordan, T. H.},
   title = {Seamount statistics in the {P}acific Ocean},
   journal = {J. Geophys. Res.},
   volume = {93},
   number = {B4},
   pages = {2899--2918},
   year = {1988}
}

@article{SC1990,
   author = {Smith, D. K. and Cann, J. R.},
   title = {Hundreds of small volcanoes on the median valley floor of the {M}id-{A}tlantic {R}idge at 24--30$^{\circ}${N}},
   journal = {Nature},
   volume = {348},
   pages = {152--155},
   year = {1990}
}

@article{SS1997,
   author = {Smith, W. H. F. and Sandwell, D. T.},
   title = {Global sea floor topography from satellite altimetry and ship depth soundings},
   journal = {Science},
   volume = {277},
   number = {5334},
   pages = {1956--1962},
   year = {1997},
   DOI = {10.1126/science.277.5334.1956}
}

@article{SW2000,
   author = {Smith, J. R. and Wessel, P.},
   title = {Isostatic consequences of giant landslides on the {H}awaiian {R}idge},
   journal = {Pure Appl. Geophys.},
   volume = {157},
   pages = {1097--1114},
   year = {2000},
   DOI = {10.1007/s000240050019}
}

 @article{SC2010,
   author = {Staudigel, H. and Clague, D.},
   title = {The geological history of deep-sea volcanoes: Biosphere, hydrosphere, and lithosphere interactions},
   journal = {Oceanography},
   volume = {23},
   number = {1},
   pages = {58--71},
   year = {2010}
}

@article{WK2010,
   author = {Watts, A. B. and Koppers, A. A.},
   title = {Intraplate seamounts as a window into deep {E}arth processes},
   journal = {Oceanography},
   volume = {12},
   number = {1},
   pages = {42--57},
   DOI = {10.5670/oceanog.2010.61},
   year = {2010}
}

@article{WM1995,
   author = {Watts, A. B. and Masson, D. G.},
   title = {A giant landslide on the north flank of {T}enerife, {C}anary {I}slands},
   journal = {J. Geophys. Res.},
   volume = {100},
   number = {B12},
   pages = {24,487--34,498},
   year = {1995}
}

@article{WC74,
   author = {Watts, A. B. and Cochran, J. R.},
   title = {Gravity anomalies and flexure of the lithosphere along the {H}awaiian-{E}mperor seamount chain},
   journal = {Geophys. J. R. Astron. Soc.},
   volume = {38},
   pages = {119--141},
   year = {1974}
}
   
@article{W1997,
   author = {Watts, A. B. and Pierce, C. and Collier, J. and Dalwood, R.  and Canales, J. P. and Henstock, T. J.},
   title = {A seismic study of lithospheric flexure in the vicinity of {T}enerife, {C}anary {I}slands},
   journal = {Earth Planet. Sci. Lett.},
   volume = {146},
   pages = {431--447},
   year = {1997}
}

@article{W1985,
   author = {Watts, A. B. and ten Brink, U. S. and Buhl, P. and Brocher, T. M.},
   title = {A multichannel seismic study of lithospheric flexure across the {H}awaiian-{E}mperor seamount chain},
   journal = {Nature},
   volume = {315},
   number = {6015},
   pages = {105--111},
   year = {1985}
}

@article{WSSW06,
   author = {Watts, A. B. and Sandwell, D. T. and Smith, W. H. F. and Wessel, P.},
   title = {Global gravity, bathymetry, and the distribution of submarine volcanism through space and time},
   journal = {Geophys. J. Int.},
   volume = {111},
   number = {B08408},
   DOI = {10.1029/2005JB004083},
   year = {2006}
}

@book{WattsBook,
   author = {Watts, A. B.},
   title = {Isostasy and {F}lexure of the {L}ithosphere},
   publisher = {Cambridge University Press},
   address = {Cambridge, UK},
   pages = {458pp},
   year = {2001}
}

@article{W2021,
   author = {Watts, A. B.  and Grevemeyer, I. and Shillington, D. J. and Dunn, R. A. and Boston, B. and Gómez de la Peña, L.},
   title = {Seismic Structure, Gravity Anomalies and Flexure Along the {E}mperor Seamount Chain},
   journal = {J. Geophys. Res.},
   volume = {126},
   number = {e2020JB021109},
   DOI = {10.1029/2020JB021109},
   year = {2021}
}

@article{W1999,
   author = {Weigel, W. and Grevemeyer, I.},
   title = {The {G}reat {M}eteor seamount: seismic structure of a submerged intraplate volcano},
   journal = {Geodynamics},
   volume = {28},
   pages = {27--40},
   year = {1999}
}

@article{W2016,
   author = {Wessel, Paul},
   title = {Regional--residual separation of bathymetry and revised estimates of {H}awaii plume flux},
   journal = {Geophysical Journal International},
   volume = {204},
   number = {2},
   pages = {932--947},
   DOI = {10.1093/gji/ggv472},
   year = {2016}
}

@article{WL1997,
   author = {Wessel, P. and Lyons, S.},
   title = {Distribution of large {P}acific seamounts from {G}eosat/{ERS}-1: Implications for the history of intraplate volcanism},
   journal = {J. Geophys. Res.},
   volume = {102},
   number = {B10},
   pages = {22,459--22,476},
   DOI = {10.1029/97JB01588},
   year = {1997}
}

@article{W2001,
   author = {Wessel, P.},
   title = {Global distribution of seamounts inferred from gridded {G}eosat/{ERS}-1 altimetry},
   journal = {J. Geophys. Res.},
   volume = {106},
   number = {B9},
   pages = {19,431--19,441},
   DOI = {10.1029/2000JB000083},
   year = {2001}
}

@article{WSK2010,
   author = {Wessel, P and Sandwell, D. T. and Kim, S.-S.},
   title = {The global seamount census},
   journal = {Oceanography},
   volume = {23},
   number = {1},
   pages = {24--33},
   DOI = {10.5670/oceanog.2010.60},
   year = {2010}
}

@article{Wetal2019,
   author = {Wessel, P. and Luis, J. F. and Uieda, L. and Scharroo, R. and Wobbe, F. and Smith, W. H. F and Tian, D.},
   title = {The {G}eneric {M}apping {T}ools Version 6},
   journal = {Geochem. Geophys. Geosyst.},
   volume = {20},
   number = {11},
   pages = {5556--5564},
   DOI = {10.1029/2019GC008515},
   year = {2019}
}

@article{ZW2013,
   author = {Zhong, S. and A. B. Watts},
   title = {Lithospheric deformation induced by loading of the {H}awaiian {I}slands and its implications for mantle rheology},
   journal = {J. Geophys. Res.},
   volume = {118},
   number = {6025–6048},
   DOI = {10.1002/2013JB010408},
   year = {2013}
}
